@INPROCEEDINGS{Date2021,
	author={M. Neuner and I. Abel and H. Graeb},
	booktitle={Design, Automation   Test in Europe Conference   Exhibition (DATE}, 
	title={Library-free Structure Recognition for Analog Circuits}, 
	year={2021},
	volume={},
	number={},
	pages={},
	doi={}
}

@Article{Massier2008,
	author = {Tobias Massier and Helmut Graeb and Ulf Schlichtmann},
	title = {{The Sizing Rules Method for CMOS and Bipolar Analog Integrated Circuit Synthesis}},
	journal = {IEEE Transactions on Computer-Aided Design of Integrated Circuits and Systems},
	year = {2008},
	OPTkey = {•},
	volume = {},
	number = {},
	pages = {},
	OPTmonth = {•},
	OPTnote = {•},
	OPTannote = {•}
}

@unpublished{ABNG20d,
	author = {Inga Abel  and Helmut Graeb},
	title = {{FUBOCO: Structure Synthesis of Basic Op-Amps by FUnctional BlOck COmposition}},
	year = {2021},
	howpublished = {{}},
	note = {{}},
	pubstate = {},
	url = {http://arxiv.org/abs/2101.07517},
}

@unpublished{ABNG20,
	author = {Inga Abel and Maximilian Neuner and Helmut Graeb},
	title = {{A Functional Block Decomposition Method for Automatic Op-Amp Design}},
	OPThowpublished = {{}},
	note = {{(Dec, 2020)}},
	OPTlocation = {location},
	OPTisbn = {isbn},
	OPTmonth = {Dec},
	OPTyear = {year},
	OPTaddendum = {addendum},
	OPTpubstate = {},
	url = {https://arxiv.org/abs/2012.09051},
	urldate = {},
	
}
@ARTICLE{ABNG20c,
	author={Abel, Inga and Neuner, Maximilian and Graeb, Helmut},
	journal={IEEE Transactions on Computer-Aided Design of Integrated Circuits and Systems}, 	
	title={A Hierarchical Performance Equation Library for Basic Op-Amp Design}, 	
	year={2021},
	volume={},
	number={},
	pages={1-1},
	doi={10.1109/TCAD.2021.3101691}}

@INPROCEEDINGS{ICCAD,
	author={I. {Abel}  and H. {Graeb}},
	booktitle={IEEE/ACM International Conference on Computer-Aided Design (ICCAD)}, 
	title={{Structural Synthesis of Operational Amplifiers Based on Functional Block Modeling}}, 
	year={2020},
	volume={},
	number={},
	pages={},}

@INPROCEEDINGS{SMACD,
	author={I. {Abel} and Clara Kowalsky  and H. {Graeb}},
	booktitle={International Conference on Synthesis, Modeling, Analysis and Simulation Methods and Applications to Circuit Design (SMACD)}, 
	title={{A fast Structural Synthesis Algorithm for Op-Amps based on Multi-Threading Strategies}}, 
	year={2021},
	volume={},
	number={},
	pages={},}

@Book{LakerSansen,
	author = {Kenneth R. Laker and Willy M. C. Sansen },
	ALTeditor = {•},
	title = {{Design of analog integrated circuits and systems}},
	publisher = {McGraw-Hill},
	year = {1994},
	OPTkey = {•},
	OPTvolume = {•},
	OPTnumber = {•},
	OPTseries = {•},
	OPTaddress = {•},
	OPTedition = {•},
	OPTmonth = {•},
	OPTnote = {•},
	OPTannote = {•}
}

@Book{Allen,
	author = {Phillip E. Allan, Douglas R. Holberg},
	ALTeditor = {•},
	title = {{CMOS Analog Circuit Design}},
	publisher = {Oxford University Press },
	year = {2012},
	OPTkey = {•},
	OPTvolume = {•},
	OPTnumber = {•},
	OPTseries = {•},
	OPTaddress = {•},
	OPTedition = {•},
	OPTmonth = {•},
	OPTnote = {•},
	OPTannote = {•}
}

@manual{Cadence,
	title = {{{Cadence}}},
	year = 2018,
	url = {www.cadence.com},
	organization = {Cadence Design Systems},
	howpublished = {www.cadence.com},
}

@PhdThesis{Massier2010,
	author = {Tobias Massier},
	title = {On the Structural Analysis of CMOS and Bipolar Analog Integrated Circuits},
	school = {Technische Universität München},
	year = {2010},
	OPTkey = {•},
	OPTtype = {•},
	OPTaddress = {•},
	OPTmonth = {•},
	OPTnote = {•},
	OPTannote = {•}
}


